% This file was created with JabRef 2.9.2.
% Encoding: Cp1252


@electronic{JMIR2015,
  author = "JMIR Mhealth Uhealth",
  title = "Low Quality of Free Coaching Apps With Respect to the American College of Sports Medicine Guidelines: A Review of Current Mobile Apps",
  year = {2015},
  url = {https://www.ncbi.nlm.nih.gov/pmc/articles/PMC4529492/},
  urldate = {2015-07-24}
}

@electronic{EQUILIBRIO2005,
  author = "Eric Peterson",
  title = "Method and apparatus for mobile health and wellness management incorporating real-time coaching and feedback, community and rewards",
  year = {2005},
  url = {https://patents.google.com/patent/US20060205564A1/en},
  urldate = {2005-03-04}
}

@ONLINE {Facebook,
    author = "Facebook",
    title  = "Facebook",
    year   = "2004",
    url    = "https://nl.wikipedia.org/wiki/Facebook"
}

@ONLINE {RStudio,
    author = "RStudio",
    title  = "RStudio",
    year   = "2011",
    url    = "https://en.wikipedia.org/wiki/RStudio"
}
